@book{martinsson2019fast,
	title={Fast direct solvers for elliptic PDEs},
	author={Martinsson, Per-Gunnar},
	year={2019},
	publisher={SIAM}
}
